@article{Aljuhani2019ACO,
  title={A Comparison of Sentiment Analysis Methods on Amazon Reviews of Mobile Phones},
  author={Sara Ashour Aljuhani and Norah Saleh Alghamdi},
  journal={International Journal of Advanced Computer Science and Applications},
  year={2019},
  volume={10}
}

@article{SME,
author = {Abdulkader, S. and Abualkishik, A.},
year = {2013},
pages = {285-288},
title = {Cloud Computing and E-commerce in Small and Medium Enterprises (SME's): the Benefits, Challenges},
volume = {2},
journal = {International Journal of Science and Research}
}

@inbook{E-commerce2016,
address = {Harlow},
author = {K. C. Laudon and C. G. Trave},
title = {E-commerce: business. technology. society},
pages = {42--91},
publisher = {Pearson Education, Inc},
chapter = {{Introduction to E-commerce}},
year = {2016}
}

@inbook{DigitalBusiness,
address = {Harlow},
author = {Chaffey, D.},
title = {Digital business and E-commerce management},
publisher = {Pearson Education, Inc},
chapter = {{Introduction to digital business and e‑commerce}},
year = {2015},
pages = {13--15}
}

@article{Azad2016ImprovementOE,
  title={Improvement of E-Commerce Quality through Cloud Computing Benefits},
  author={N. Azad and F. Varaee},
  journal={International journal of humanities and social sciences},
  year={2016},
  pages={1719-1734}
}

@inproceedings{polarity,
author = {Wilson, T. and Wiebe, J. and Hoffmann, P.},
title = {Recognizing Contextual Polarity in Phrase-Level Sentiment Analysis},
year = {2005},
publisher = {ACL},
address = {EE. UU},
doi = {10.3115/1220575.1220619},
booktitle = {Proceedings of the Conference on Human Language Technology and Empirical Methods in Natural Language Processing},
pages = {347–354},
numpages = {8},
location = {Vancouver, British Columbia, Canada},
}
  
@article{article,
author = {Montoyo, Andrés and Martinez-Barco, Patricio and Balahur, Alexandra},
year = {2012},
month = {11},
pages = {675–679},
title = {Subjectivity and sentiment analysis: An overview of the current state of the area and envisaged developments},
volume = {53},
journal = {Decision Support Systems},
doi = {10.1016/j.dss.2012.05.022}
}

@techreport{picard1995,
  title={Aﬀective computing},
  number={321},
  author={Picard, R. W.},
  institution={M.I.T. Media Laboratory Perceptual Computing Section},
  year={1995}
}

@article{wiebe1994,
author = {Wiebe, J.},
title = {Tracking Point of View in Narrative},
year = {1994},
publisher = {MIT Press},
address = {Cambridge, MA},
volume = {20},
number = {2},
journal = {Comput. Linguist.},
pages = {233–287},
numpages = {55}
}

@book{quirk1995,
author = {R. Quirk and S. Greenbaum and G. Leech and J. Svartvik},
title = {A comprehensive grammar of the English},
year = {1985},
address = {New York},
publisher = {Pearson Longman}
}

@article{curentStateSentiment,
author = {Yadollahi, A. and Shahraki, A. G. and Zaiane, O. R.},
title = {Current State of Text Sentiment Analysis from Opinion to Emotion Mining},
year = {2017},
issue_date = {June 2017},
publisher = {ACM},
address = {New York},
volume = {50},
number = {2},
doi = {10.1145/3057270},
journal = {ACM Comput. Surv.},
numpages = {33},
}
  
@article{socialMedia,
author = {Baird, Carolyn and Parasnis, Gautam},
year = {2011},
pages = {30-37},
title = {From Social Media to Social Customer Relationship Management},
volume = {39},
journal = {Strategy and Leadership},
doi = {10.1108/10878571111161507}
}

@article{yelp,
author = {Luca, M.},
year = {2011},
pages = {},
title = {Reviews, Reputation, and Revenue: The Case of Yelp.Com},
journal = {SSRN Electronic Journal},
doi = {10.2139/ssrn.1928601}
}

@techreport{mejova,
  title={Sentiment Analysis: An Overview},
  author={Mejova, Y.},
  institution={University of Iowa},
  year={2009},
}

@inbook{sentimentAnalysis,
address = {New York},
author = {Liu, B.},
title = {Sentiment Analysis: mining opinions, sentiments, and emotions},
publisher = {Cambridge University Press},
year = {2015},
chapter = {{Introduction}},
pages = {1--9}
}

@inproceedings{hu2004,
author = {Hu, Minqing and Liu, Bing},
title = {Mining and Summarizing Customer Reviews},
year = {2004},
publisher = {ACM},
address = {New York},
doi = {10.1145/1014052.1014073},
booktitle = {Proceedings of the Tenth ACM SIGKDD International Conference on Knowledge Discovery and Data Mining},
pages = {168–177},
numpages = {10},
series = {KDD ’04}
}
 
@inproceedings{popescu,
author = {Popescu, Ana-Maria and Etzioni, Oren},
title = {Extracting Product Features and Opinions from Reviews},
year = {2005},
publisher = {ACL},
address = {EE.UU},
doi = {10.3115/1220575.1220618},
booktitle = {Proceedings of the Conference on Human Language Technology and Empirical Methods in Natural Language Processing},
pages = {339–346},
numpages = {8},
}

@inproceedings{twitterPolitical,
author = {Chung, Jessica and Mustafaraj, Eni},
title = {Can Collective Sentiment Expressed on Twitter Predict Political Elections?},
booktitle = {Proceedings of the Twenty-Fifth AAAI Conference on Artificial Intelligence},
year = {2011},
publisher = {AAAI Press},
pages = {1770–1771},
numpages = {2},
series = {AAAI’11}
}

@article{gayo-avello,
author = {Metaxas, Panagiotis and Mustafaraj, Eni and Gayo-Avello, Daniel},
journal={2011 IEEE Third International Conference on Privacy, Security, Risk and Trust and 2011 IEEE Third International Conference on Social Computing},
year = {2011},
pages = {165-171},
title = {How (Not) to Predict Elections},
doi = {10.1109/PASSAT/SocialCom.2011.98}
}

@article{zhanget,
author = {Zhang, Xue and Fuehres, Hauke and Gloor, Peter},
year = {2011},
pages = {55–62},
title = {Predicting Stock Market Indicators Through Twitter – “I Hope it is Not as Bad as I Fear},
volume = {26},
journal = {Procedia - Social and Behavioral Sciences},
doi = {10.1016/j.sbspro.2011.10.562}
}

@inproceedings{riseOfBots,
author = {Klopfenstein, Lorenz Cuno and Delpriori, Saverio and Malatini, Silvia and Bogliolo, Alessandro},
title = {The Rise of Bots: A Survey of Conversational Interfaces, Patterns, and Paradigms},
year = {2017},
publisher = {ACM},
address = {New York},
doi = {10.1145/3064663.3064672},
booktitle = {Proceedings of the 2017 Conference on Designing Interactive Systems},
pages = {555–565},
numpages = {11},
series = {DIS ’17}
}

@article{turing,
    author = {Turing, A. M.},
    title = "{I.—Computing Machinery and Intelligence}",
    journal = {Mind},
    volume = {LIX},
    number = {236},
    pages = {433-460},
    year = {1950},
    doi = {10.1093/mind/LIX.236.433},
    },
}

@article{eliza,
author = {Weizenbaum, Joseph},
title = {ELIZA—a Computer Program for the Study of Natural Language Communication between Man and Machine},
year = {1966},
publisher = {ACM},
address = {New York},
volume = {9},
number = {1},
doi = {10.1145/365153.365168},
journal = {Commun. ACM},
pages = {36–45},
numpages = {10}
}
  
@inbook{peterAI,
author = {Gentsch, Peter},
year = {2019},
pages = {81-125},
title = {Conversational AI: How (Chat)Bots Will Reshape the Digital Experience: How Marketers without a Data Science Degree can use AI, Big Data and Bots},
publisher = {Palgrave Macmillan},
doi = {10.1007/978-3-319-89957-2_4}
}

@article{Gupta2015AnEW,
  title={An E-Commerce Website based Chatbot},
  author={Siddharth Gupta and Deep Borkar and Chevelyn De Mello and Saurabh Patil},
  year={2015},
  pages = {1483-1485},
  journal = {International Journal of Computer Science and Information Technologies},
  volume = {6},
  number = {2}
  
}

@article{Hashem,
author = {Hashem, I. A. T. and Yaqoob, I. and Anuar, N. B. and Mokhtar, S. and Gani, A. and Ullah Khan, S.},
title = {The Rise of “Big Data” on Cloud Computing},
year = {2015},
publisher = {Elsevier Science Ltd.},
address = {GBR},
volume = {47},
number = {C},
doi = {10.1016/j.is.2014.07.006},
journal = {Inf. Syst.},
pages = {98–115},
}

@techreport{DigitalBT,
author = {Ismail, Mariam and Khater, Mohamed and Zaki, Mohamed},
year = {2018},
title = {Digital Business Transformation and Strategy: What Do We Know So Far?},
institution = {University of Cambridge},
address = {Cambridge},
type = {Working Paper},
doi = {10.13140/RG.2.2.36492.62086}
}

@techreport{EuropeAI,
  title={European Artificial Intelligence leadership, the path for an integrated vision},
  author={L. Delponte},
  year={2018},
  institution = {European Parliament},
  address = {Strasbourg}
}

@inbook{manualGestion,
address = {Almería},
author = {R. S. Fernández and D. J. Castillo},
title = {Manual de gestión de la relación con los clientes},
publisher = {Editorial Universidad de Almería},
year = {2020},
chapter = {Sección 1.2},
pages = {14--21}
}

@inbook{minsky,
address = {New York},
author = {M. Minksky},
title = {The emotion machine},
publisher = {Simon \& Schuster},
year = {2006},
chapter = {Introduction},
pages = {1--8}
}