@misc{podium,
  title={State of Online Reviews},
  author={Podium},
  month={ene},
  year={2017},
  howpublished = "Recuperado  15 junio 2020 {https://www.podium.com/resources/podium-state-of-online-reviews/}",
  urldate = {15-06-2020}
}

@misc{W3Techs:1,
  title={Usage statistics of content management systems},
  author={W3Techs},
  month={jun},
  year={2020},
  howpublished = "Recuperado  06 junio 2020 {https://w3techs.com/technologies/overview/content\_management}",
  urldate = {06-06-2020}
}

@misc{W3Techs:2,
  title={Market share yearly trends for content management systems},
  author={W3Techs},
  month={jun},
  year={2020},
  howpublished = "Recuperado  06 junio 2020 {https://w3techs.com/technologies/overview/content\_management}",
  urldate = {06-06-2020}
}

@misc{StackOverflow,
  title={2020 Developer Survey},
  author={StackOverflow},
  month={feb},
  year={2020},
  howpublished = "Recuperado  06 junio 2020 {https://insights.stackoverflow.com/survey/2020}",
  urldate = {06-06-2020}
}

@misc{RedHat,
  title={¿Qu{\'e} es Docker?},
  author={Red Hat},
  year={s.f.},
  howpublished = "Recuperado  06 junio 2020 {https://www.redhat.com/es/topics/containers/what-is-docker}",
  urldate = {06-06-2020}
}

@misc{Docker,
  title={Docker Overview},
  author={Docker},
  year={s.f.},
  howpublished = "Recuperado  06 junio 2020 {https://docs.docker.com/get-started/overview/}",
  urldate = {06-06-2020}
}

@misc{CloudSQL,
  title={Características de Cloud SQL para MySQL},
  author={Google},
  year={s.f.},
  howpublished = "Recuperado  07 junio 2020 {https://cloud.google.com/sql/docs/mysql/features?hl=es-419}",
  urldate = {07-06-2020}
}

@misc{CloudRun,
  title={Documentación de Cloud Run},
  author={Google},
  year={s.f.},
  howpublished = "Recuperado  08 junio 2020 {https://cloud.google.com/run/docs}",
  urldate = {08-06-2020}
}

@misc{Registry,
  title={Documentación de Container Registry},
  author={Google},
  year={s.f.},
  howpublished = "Recuperado  08 junio 2020 {https://cloud.google.com/container-registry/docs?hl=es}",
  urldate = {08-06-2020}
}

@misc{DialogFlow,
  title={Documentación de DialogFLow},
  author={Google},
  year={s.f.},
  howpublished = "Recuperado  09 junio 2020 {https://cloud.google.com/dialogflow/docs}",
  urldate = {09-06-2020}
}

@misc{democratizingAI,
  title={Is the cloud the key to democratizing AI?},
  author={Duncan Jefferies},
  year={2018},
  howpublished = "Recuperado  13 junio 2020 {https://www.idgconnect.com/idgconnect/analysis-review/1011479/cloud-key-democratizing-ai}",
  urldate = {13-06-2020}
}

@misc{thinkGoogle,
  title={Consumer Insights},
  author={Google},
  year={s.f},
  howpublished = "Recuperado  15 junio 2020 {https://www.podium.com/resources/podium-state-of-online-reviews/}",
  urldate = {15-06-2020}
}

@misc{comprehend,
  title={Determine Sentiment},
  author={Amazon},
  year={s.f.},
  howpublished = "Recuperado  16 junio 2020 {https://docs.aws.amazon.com/es\_es/comprehend/latest/dg/how-sentiment.html}",
  urldate = {16-06-2020}
}

@misc{watson,
  title={Methods. Analyze text},
  author={IBM},
  year={s.f.},
  howpublished = "Recuperado  16 junio 2020 {https://cloud.ibm.com/apidocs/natural-language-understanding?code=\#goanalyze-text}",
  urldate = {16-06-2020}
}

@misc{luis,
  title={Procedimientos: Detección de opiniones mediante la API Text Analytics},
  author={Microsoft},
  year={s.f.},
  howpublished = "Recuperado  16 junio 2020 {https://docs.microsoft.com/es-es/azure/cognitive-services/text-analytics/how-tos/text-analytics-how-to-sentiment-analysis?tabs=version-3}",
  urldate = {16-06-2020}
}

@misc{googleNaturalLanguage,
  title={Conceptos básicos de la API de Natural Language},
  author={Google},
  year={s.f.},
  howpublished = "Recuperado  16 junio 2020 {https://cloud.google.com/natural-language/docs/basics}",
  urldate = {16-06-2020}
}

@misc{granado,
  title={Observatorio Cetelem de eCommerce 2019},
  author={Banco Cetelem},
  year={2019},
  howpublished = "Recuperado  15 junio 2020 {https://elobservatoriocetelem.es/observatorio-cetelem-ecommerce-2019}",
  urldate = {15-06-2020}
}

@misc{emarketerSpain,
  title={Retail Sales in Spain Will Fall Nearly 13\% in 2020, the Biggest Drop in Western Europe},
  author={Rimma Kats},
  year={12 julio 2020},
  howpublished = "Recuperado  4 agosto 2020 {https://www.emarketer.com/content/retail-sales-spain-will-fall-nearly-13-2020-biggest-drop-western-europe}",
  urldate = {12-07-2020}
}

@misc{emarketerGlobal,
  title={Global Ecommerce 2020},
  author={Ethan Cramer-Flood},
  year={12 julio 2020},
  howpublished = "Recuperado  4 agosto 2020 {https://www.emarketer.com/content/global-ecommerce-2020}",
  urldate = {12-07-2020}
}

@misc{luca,
  title={Can Artificial Intelligence understand emotions?},
  author={Meredith Somers},
  year={8 marzo 2019},
  howpublished = "Recuperado  14 agosto 2020 {https://business.blogthinkbig.com/can-artificial-intelligence-understand-emotions/}",
  urldate = {14-08-2020}
}

@misc{statista,
  title={Market share of leading e-commerce software platforms and technologies worldwide as of April 2020},
  author={Statista},
  year={21 abril 2020},
  howpublished = "Recuperado  14 agosto 2020 {https://www.statista.com/statistics/710207/worldwide-ecommerce-platforms-market-share/}",
  urldate = {14-08-2020}
}